@misc {boxCounting,
	author = {Moisy, F.},
	title = {Computing a fractal dimension with Matlab: 1D, 2D and 3D Box-counting},
	url = {http://www.fast.u-psud.fr/~moisy/ml/boxcount/html/demo.html},
	year = {2008}
}

 @misc{wiki:fractalDimension,
   author = "Wikipedia",
   title = "Fractal dimension --- {W}ikipedia{,} The Free Encyclopedia",
   year = "2015",
   url = "https://en.wikipedia.org/wiki/Fractal_dimension",
   note = "[Online; accessed 7-October-2015]"
 }

 @book{kenzel1997physics,
  title={Physics by computer},
  author={Kenzel, Wolfgang and Reents, Georg and Clajus, Martin and Freeland-Clajus, Beverly},
  year={1997},
  publisher={Springer-Verlag New York, Inc.}
}

@book{stauffer1994introduction,
  title={Introduction to percolation theory},
  author={Stauffer, Dietrich},
  year={1985},
  publisher={Taylor \& Francis},
  chapter={2},
  pages={15--58}
}

@book{falconer2004fractal,
  title={Fractal geometry: mathematical foundations and applications},
  author={Falconer, Kenneth},
  year={2004},
  publisher={John Wiley \& Sons}
}