@mastersthesis{finn200Cahaotic,
  document_type     = {Bachelor's Thesis},
  author            = {Conor Finn},
  title             = {Chaotic Control Theory Applied to the Chirikov Standard Map},
  school            = {Warwick University},
  year              = {2012},
  type              = {Bachelor Thesis},
  pdf               = {http://www2.warwick.ac.uk/fac/cross_fac/complexity/people/students/dtc/students2013/finn/full_project.pdf},
  project           = {Projects in Theoretical Physics}
}